%% This BibTeX bibliography file was created using BibDesk.
%% http://bibdesk.sourceforge.net/


%% Created for Matt at 2019-02-25 22:02:12 -0500 


%% Saved with string encoding Unicode (UTF-8) 



@article{bogus,
	Author = {Eye Am Bogus},
	Date-Added = {2019-02-25 22:00:34 -0500},
	Date-Modified = {2019-02-25 22:01:49 -0500},
	Journal = {Journal of Economic Growth},
	Number = {1},
	Pages = {42-44},
	Title = {This is a fake bib entry},
	Volume = {42},
	Year = {2019}}
